<record><leader>00000cas a22000007a 4500</leader><controlfield tag="001">35905572</controlfield><controlfield tag="008">961113d190u1908okuwr n       0    0eng d</controlfield><datafield ind1=" " ind2=" " tag="010"><subfield code="a">sn 96093166 </subfield></datafield><datafield ind1=" " ind2=" " tag="040"><subfield code="a">OBN</subfield><subfield code="b">eng</subfield><subfield code="c">OBN</subfield><subfield code="d">OCLCQ</subfield><subfield code="d">OCLCO</subfield></datafield><datafield ind1="1" ind2=" " tag="029"><subfield code="a">AU@</subfield><subfield code="b">000012911404</subfield></datafield><datafield ind1=" " ind2=" " tag="042"><subfield code="a">msc</subfield></datafield><datafield ind1=" " ind2=" " tag="043"><subfield code="a">n-us-ok</subfield></datafield><datafield ind1="0" ind2=" " tag="130"><subfield code="a">Statesman (Foyil, Okla.)</subfield></datafield><datafield ind1="1" ind2="4" tag="245"><subfield code="a">The statesman.</subfield></datafield><datafield ind1=" " ind2=" " tag="260"><subfield code="a">Foyil, Okla. :</subfield><subfield code="b">Wm. R. Harper</subfield></datafield><datafield ind1=" " ind2=" " tag="300"><subfield code="a">v.</subfield></datafield><datafield ind1=" " ind2=" " tag="310"><subfield code="a">Weekly</subfield></datafield><datafield ind1="1" ind2=" " tag="362"><subfield code="a">Ceased in 1908.</subfield></datafield><datafield ind1=" " ind2=" " tag="588"><subfield code="a">Description based on: Vol. 3, no. 3 (Apr. 13, 1907).</subfield></datafield><datafield ind1=" " ind2="0" tag="651"><subfield code="a">Foyil (Okla.)</subfield><subfield code="v">Newspapers.</subfield></datafield><datafield ind1=" " ind2="0" tag="651"><subfield code="a">Rogers County (Okla.)</subfield><subfield code="v">Newspapers.</subfield></datafield><datafield ind1=" " ind2=" " tag="752"><subfield code="a">United states</subfield><subfield code="b">Oklahoma</subfield><subfield code="c">Rogers</subfield><subfield code="d">Foyil.</subfield></datafield><datafield ind1="0" ind2="0" tag="780"><subfield code="t">Foyil statesman (Foyil, Okla. : 1903)</subfield><subfield code="w">(DLC)sn 96093165</subfield><subfield code="w">(OCoLC)35905534</subfield></datafield><datafield ind1="0" ind2="0" tag="785"><subfield code="t">Foyil statesman (Foyil, Okla. : 1908)</subfield><subfield code="w">(DLC)sn 96093167</subfield><subfield code="w">(OCoLC)35905604</subfield></datafield></record>